@online{preamble,
    author      ="ShareLaTeX",
    title       ="Creating a document in LaTeX",
    url         ="https://www.sharelatex.com/learn/Creating_a_document_in_LaTeX",
    keywords    ="latex,preamble,introduction"
}

@online{paragraphs,
    author      ="ShareLaTeX",
    title       ="Paragraphs and new lines",
    url         ="https://www.sharelatex.com/learn/Paragraphs_and_new_lines",
    keywords    ="latex,sections,paragraphs,newlines"
}

@online{formatting,
    author      ="ShareLaTeX",
    title       ="Bold, italics and underlining",
    url         ="https://www.sharelatex.com/learn/Bold,_italics_and_underlining",
    keywords    ="latex,formatting"
}

@online{lists,
    author      ="ShareLaTeX",
    title       ="Lists",
    url         ="https://www.sharelatex.com/learn/Lists",
    keywords    ="latex,lists"
}

@online{mathematics,
    author      ="ShareLaTeX",
    title       ="Mathematical expressions",
    url         ="https://www.sharelatex.com/learn/Mathematical_expressions",
    keywords    ="latex,equations,mathematics"
}

@online{references,
    author      ="ShareLaTeX",
    title       ="Bibliography management in LaTeX",
    url         ="https://www.sharelatex.com/learn/Bibliography_management_in_LaTeX",
    keywords    ="latex,bibliography,references"
}

@online{images,
    author      ="ShareLaTeX",
    title       ="Inserting Images",
    url         ="https://www.sharelatex.com/learn/Inserting_Images",
    keywords    ="latex,images"
}

@online{tables,
    author      ="ShareLaTeX",
    title       ="Tables",
    url         ="https://www.sharelatex.com/learn/Tables",
    keywords    ="latex,tables"
}
